<?xml version="1.0" encoding="UTF-8"?><collection xmlns="http://www.loc.gov/MARC21/slim"><record><leader>00452nam--2200157-i-4500</leader><controlfield tag="001">000000586</controlfield><controlfield tag="002">20161230</controlfield><controlfield tag="005">20161230201024</controlfield><controlfield tag="008">060222s1000------------r-----000-0-eng-d</controlfield><datafield ind1=" " ind2=" " tag="020"><subfield code="a">3-540-55913-2</subfield></datafield><datafield ind1=" " ind2=" " tag="080"><subfield code="a">530.145.61</subfield></datafield><datafield ind1=" " ind2=" " tag="245"><subfield code="a">Important developments in soliton theory</subfield></datafield><datafield ind1=" " ind2=" " tag="260"><subfield code="a">Springer-verlag Berlin Heidelgerg New York 1993, 560 P</subfield></datafield><datafield ind1=" " ind2=" " tag="490"><subfield code="a">Springer Series In Nonlinear Dynamics</subfield></datafield><datafield ind1=" " ind2=" " tag="700"><subfield code="a">Fokas,A.S.,Zakharov,V.E</subfield></datafield><datafield ind1=" " ind2=" " tag="852"><subfield code="a">131.460</subfield></datafield></record></collection>